## PhD Thesis

@phdthesis{hassan-thesis,
  author = {Hassan Chafi},
  title  = {Scaling High Performance Domain-Specific Language Implementation with Delite},
  school = {Stanford University},
  year   = 2014
}

@phdthesis{arvind-thesis,
  author = {Arvind Sujeeth},
  title  = {Productivity and Performance with Embedded Domain-Specific Languages},
  school = {Stanford University},
  year   = 2014
}

@phdthesis{kevin-thesis,
  author = {Kevin James Brown},
  title  = {Have Abstraction and Eat Performance Too: Optimized Heterogeneous Computing with Parallel Patterns},
  school = {Stanford University},
  year   = 2014
}

@phdthesis{hj-thesis,
  author = {HyoukJoong Lee},
  title  = {High-Level Language Compilers for Heterogeneous Accelerators},
  school = {Stanford University},
  year   = 2014
}

@phdthesis{tiark-thesis,
  author = {Tiark Rompf},
  title  = {Lightweight Modular Staging and Embedded Compilers: Abstraction Without Regret for High-Level High-Performance Programming},
  school = {EPFL},
  year   = 2012
}


@book{asanovic1_thesis,
  title={Vector microprocessors},
  author={Asanovic, Krste and Wawrzynek, John},
  year={1998},
  publisher={University of California, Berkeley}
}


@inproceedings{chung_micro_2010,
  title={Single-chip heterogeneous computing: Does the future include custom logic, FPGAs, and GPGPUs?},
  author={Chung, Eric S and Milder, Peter A and Hoe, James C and Mai, Ken},
  booktitle={2010 43rd annual IEEE/ACM international symposium on microarchitecture},
  pages={225--236},
  year={2010},
  organization={IEEE}
}

@article{jcong_hls,
  title={High-level synthesis for FPGAs: From prototyping to deployment},
  author={Cong, Jason and Liu, Bin and Neuendorffer, Stephen and Noguera, Juanjo and Vissers, Kees and Zhang, Zhiru},
  journal={IEEE Transactions on Computer-Aided Design of Integrated Circuits and Systems},
  volume={30},
  number={4},
  pages={473--491},
  year={2011},
  publisher={IEEE}
}

@misc{moore1965cramming,
  title={Cramming more components onto integrated circuits},
  author={Moore, Gordon E and others},
  year={1965},
  publisher={McGraw-Hill New York, NY, USA:}
}

@article{dennard1974design,
  title={Design of ion-implanted MOSFET's with very small physical dimensions},
  author={Dennard, Robert H and Gaensslen, Fritz H and Rideout, V Leo and Bassous, Ernest and LeBlanc, Andre R},
  journal={IEEE Journal of Solid-State Circuits},
  volume={9},
  number={5},
  pages={256--268},
  year={1974},
  publisher={IEEE}
}

@article{danowitz2012cpu,
  title={CPU DB: recording microprocessor history},
  author={Danowitz, Andrew and Kelley, Kyle and Mao, James and Stevenson, John P and Horowitz, Mark},
  journal={Communications of the ACM},
  volume={55},
  number={4},
  pages={55--63},
  year={2012},
  publisher={ACM}
}

@inproceedings{tpu_isca_2017,
  title={In-datacenter performance analysis of a tensor processing unit},
  author={Jouppi, Norman P and Young, Cliff and Patil, Nishant and Patterson, David and Agrawal, Gaurav and Bajwa, Raminder and Bates, Sarah and Bhatia, Suresh and Boden, Nan and Borchers, Al and others},
  booktitle={2017 ACM/IEEE 44th Annual International Symposium on Computer Architecture (ISCA)},
  pages={1--12},
  year={2017},
  organization={IEEE}
}
  
@inproceedings{brainwave_isca_2016,
  title={A configurable cloud-scale dnn processor for real-time ai},
  author={Fowers, Jeremy and Ovtcharov, Kalin and Papamichael, Michael and Massengill, Todd and Liu, Ming and Lo, Daniel and Alkalay, Shlomi and Haselman, Michael and Adams, Logan and Ghandi, Mahdi and others},
  booktitle={Proceedings of the 45th Annual International Symposium on Computer Architecture},
  pages={1--14},
  year={2018},
  organization={IEEE Press}
}

@book{markovic_2012_dsp,
  title={DSP Architecture Design Essentials},
  author={Markovi{\'c}, Dejan and Brodersen, Robert W},
  year={2012},
  publisher={Springer Science \& Business Media}
}

@inproceedings{khazraee_asplos_2017_moonwalk,
  title={Moonwalk: Nre optimization in asic clouds},
  author={Khazraee, Moein and Zhang, Lu and Vega, Luis and Taylor, Michael Bedford},
  booktitle={ACM SIGARCH Computer Architecture News},
  volume={45},
  number={1},
  pages={511--526},
  year={2017},
  organization={ACM}
}

@inproceedings{hameed_asplos_2010_understanding,
  title={Understanding sources of inefficiency in general-purpose chips},
  author={Hameed, Rehan and Qadeer, Wajahat and Wachs, Megan and Azizi, Omid and Solomatnikov, Alex and Lee, Benjamin C and Richardson, Stephen and Kozyrakis, Christos and Horowitz, Mark},
  booktitle={ACM SIGARCH Computer Architecture News},
  volume={38},
  number={3},
  pages={37--47},
  year={2010},
  organization={ACM}
}

@article{gonzalez2000xtensa,
  title={Xtensa: A configurable and extensible processor},
  author={Gonzalez, Ricardo E},
  journal={IEEE micro},
  volume={20},
  number={2},
  pages={60--70},
  year={2000},
  publisher={IEEE}
}


@inproceedings{lee201445nm,
  title={A 45nm 1.3 GHz 16.7 double-precision GFLOPS/W RISC-V processor with vector accelerators},
  author={Lee, Yunsup and Waterman, Andrew and Avizienis, Rimas and Cook, Henry and Sun, Chen and Stojanovi{\'c}, Vladimir and Asanovi{\'c}, Krste},
  booktitle={ESSCIRC 2014-40th European Solid State Circuits Conference (ESSCIRC)},
  pages={199--202},
  year={2014},
  organization={IEEE}
}

@inproceedings{triggered_instruction,
 author = {Parashar, Angshuman and Pellauer, Michael and Adler, Michael and Ahsan, Bushra and Crago, Neal and Lustig, Daniel and Pavlov, Vladimir and Zhai, Antonia and Gambhir, Mohit and Jaleel, Aamer and Allmon, Randy and Rayess, Rachid and Maresh, Stephen and Emer, Joel},
 title = {Triggered Instructions: A Control Paradigm for Spatially-programmed Architectures},
 booktitle = {Proceedings of the 40th Annual International Symposium on Computer Architecture},
 series = {ISCA '13},
 year = {2013},
 isbn = {978-1-4503-2079-5},
 location = {Tel-Aviv, Israel},
 pages = {142--153},
 numpages = {12},
 url = {http://doi.acm.org/10.1145/2485922.2485935},
 doi = {10.1145/2485922.2485935},
 acmid = {2485935},
 publisher = {ACM},
 address = {New York, NY, USA},
 keywords = {reconfigurable accelerators, spatial programming},
}


@article{dyser,
  title={Dyser: Unifying functionality and parallelism specialization for energy-efficient computing},
  author={Govindaraju, Venkatraman and Ho, Chen-Han and Nowatzki, Tony and Chhugani, Jatin and Satish, Nadathur and Sankaralingam, Karthikeyan and Kim, Changkyu},
  journal={IEEE Micro},
  volume={32},
  number={5},
  pages={38--51},
  year={2012},
  publisher={IEEE}
}

@inproceedings{cgra_me,
  title={CGRA-ME: A unified framework for CGRA modelling and exploration},
  author={Chin, S Alexander and Sakamoto, Noriaki and Rui, Allan and Zhao, Jim and Kim, Jin Hee and Hara-Azumi, Yuko and Anderson, Jason},
  booktitle={2017 IEEE 28th International Conference on Application-specific Systems, Architectures and Processors (ASAP)},
  pages={184--189},
  year={2017},
  organization={IEEE}
}

@inproceedings{spatial_computation,
  title={Spatial computation},
  author={Budiu, Mihai and Venkataramani, Girish and Chelcea, Tiberiu and Goldstein, Seth Copen},
  booktitle={ACM SIGARCH Computer Architecture News},
  volume={32},
  number={5},
  pages={14--26},
  year={2004},
  organization={ACM}
}

@inproceedings{trips,
  title={An evaluation of the TRIPS computer system},
  author={Gebhart, Mark and Maher, Bertrand A and Coons, Katherine E and Diamond, Jeff and Gratz, Paul and Marino, Mario and Ranganathan, Nitya and Robatmili, Behnam and Smith, Aaron and Burrill, James and others},
  booktitle={ACM Sigplan Notices},
  volume={44},
  number={3},
  pages={1--12},
  year={2009},
  organization={ACM}
}

@inproceedings{govindaraju_hpca_2011,
  title={Dynamically specialized datapaths for energy efficient computing},
  author={Govindaraju, Venkatraman and Ho, Chen-Han and Sankaralingam, Karthikeyan},
  booktitle={2011 IEEE 17th International Symposium on High Performance Computer Architecture},
  pages={503--514},
  year={2011},
  organization={IEEE}
}

@ARTICLE{cascaval_taxonomy_accelerator,
author={C. Cascaval and S. Chatterjee and H. Franke and K. J. Gildea and P. Pattnaik},
journal={IBM Journal of Research and Development},
title={A taxonomy of accelerator architectures and their programming models},
year={2010},
volume={54},
number={5},
pages={5:1-5:10},
keywords={Chip scale packaging;Clocks;Computer architecture;Multicore processing;Parallel processing;Silicon;Synchronization},
month={Sept}
}

@article{gzip_2013_fpga,
  title={Fpga-based application acceleration: Case study with gzip compression/decompression streaming engine},
  author={Martin, Andrew and Jamsek, Damir and Agarawal, K},
  journal={ICCAD Special Session C},
  volume={7},
  pages={2013},
  year={2013}
}

@article{fpga_masses,
 author = {Bacon, David and Rabbah, Rodric and Shukla, Sunil},
 title = {FPGA Programming for the Masses},
 journal = {Queue},
 issue_date = {February 2013},
 volume = {11},
 number = {2},
 month = feb,
 year = {2013},
 issn = {1542-7730},
 pages = {40:40--40:52},
 articleno = {40},
 numpages = {13},
 url = {http://doi.acm.org/10.1145/2436696.2443836},
 doi = {10.1145/2436696.2443836},
 acmid = {2443836},
 publisher = {ACM},
 address = {New York, NY, USA},
}

@Inbook{cgra_architecture,
  author={De Sutter, Bjorn
          and Raghavan, Praveen
          and Lambrechts, Andy},
  editor={Bhattacharyya, Shuvra S.
          and Deprettere, Ed F.
          and Leupers, Rainer
          and Takala, Jarmo},
  title="Coarse-Grained Reconfigurable Array Architectures",
  bookTitle="Handbook of Signal Processing Systems",
  year="2013",
  publisher="Springer New York",
  address="New York, NY",
  pages="553--592",
  isbn="978-1-4614-6859-2",
  doi="10.1007/978-1-4614-6859-2_18",
  url="https://doi.org/10.1007/978-1-4614-6859-2_18"
}



@article{nowatzki2016heterogeneous,
  title={A Heterogeneous Von Neumann/Explicit Dataflow Processor},
  author={Nowatzki, Tony and Gangadhar, Vinay and Sankaralingam, Karthikeyan},
  journal={IEEE Micro},
  volume={36},
  number={3},
  pages={20--30},
  year={2016},
  publisher={IEEE}
}

@inproceedings{nowatzki_isca_2017_streamdataflow,
  title={Stream-dataflow acceleration},
  author={Nowatzki, Tony and Gangadhar, Vinay and Ardalani, Newsha and Sankaralingam, Karthikeyan},
  booktitle={2017 ACM/IEEE 44th Annual International Symposium on Computer Architecture (ISCA)},
  pages={416--429},
  year={2017},
  organization={IEEE}
}

@inproceedings{zhang_micro_2018_composable,
  title={Composable Building Blocks to Open up Processor Design},
  author={Zhang, Sizhuo and Wright, Andrew and Bourgeat, Thomas and Arvind, Arvind},
  booktitle={2018 51st Annual IEEE/ACM International Symposium on Microarchitecture (MICRO)},
  pages={68--81},
  year={2018},
  organization={IEEE}
}

@techreport{boom,
  title={The Berkeley Out-of-Order Machine (BOOM): An industry-competitive, synthesizable, parameterized RISC-V processor},
  author={Asanovic, Krste and Patterson, David A and Celio, Christopher},
  year={2015},
  institution={University of California at Berkeley Berkeley United States}
}


@article{delite,
  title={Delite: A compiler architecture for performance-oriented embedded domain-specific languages},
  author={Sujeeth, Arvind K and Brown, Kevin J and Lee, Hyoukjoong and Rompf, Tiark and Chafi, Hassan and Odersky, Martin and Olukotun, Kunle},
  journal={ACM Transactions on Embedded Computing Systems (TECS)},
  volume={13},
  number={4s},
  pages={134},
  year={2014},
  publisher={ACM}
}

@inproceedings{david_PLDI_2018_spatial,
  title={Spatial: A language and compiler for application accelerators},
  author={Koeplinger, David and Feldman, Matthew and Prabhakar, Raghu and Zhang, Yaqi and Hadjis, Stefan and Fiszel, Ruben and Zhao, Tian and Nardi, Luigi and Pedram, Ardavan and Kozyrakis, Christos and others},
  booktitle={Proceedings of the 39th ACM SIGPLAN Conference on Programming Language Design and Implementation},
  pages={296--311},
  year={2018},
  organization={ACM}
}

@inproceedings{prabhakar_isca_2017_plasticine,
  title={Plasticine: A reconfigurable architecture for parallel patterns},
  author={Prabhakar, Raghu and Zhang, Yaqi and Koeplinger, David and Feldman, Matt and Zhao, Tian and Hadjis, Stefan and Pedram, Ardavan and Kozyrakis, Christos and Olukotun, Kunle},
  booktitle={2017 ACM/IEEE 44th Annual International Symposium on Computer Architecture (ISCA)},
  pages={389--402},
  year={2017},
  organization={IEEE}
}

@article{prabhakar_asplos_2016_parallelpattern,
  title={Generating configurable hardware from parallel patterns},
  author={Prabhakar, Raghu and Koeplinger, David and Brown, Kevin J and Lee, HyoukJoong and De Sa, Christopher and Kozyrakis, Christos and Olukotun, Kunle},
  journal={ACM SIGARCH Computer Architecture News},
  volume={44},
  number={2},
  pages={651--665},
  year={2016},
  publisher={ACM}
}

@inproceedings{fuchs_hpca_2019_accelwall,
  title={The Accelerator Wall: Limits of Chip Specialization},
  author={Fuchs, Adi and Wentzlaff, David},
  booktitle={2019 IEEE International Symposium on High Performance Computer Architecture (HPCA)},
  pages={1--14},
  year={2019},
  organization={IEEE}
}


@book{mohanty2008low,
  title={Low-power high-level synthesis for nanoscale CMOS circuits},
  author={Mohanty, Saraju P and Ranganathan, Nagarajan and Kougianos, Elias and Patra, Priyardarsan},
  year={2008},
  publisher={Springer Science \& Business Media}
}

@inproceedings{walker1985model,
  title={A model of design representation and synthesis},
  author={Walker, Robert A and Thomas, Donald E},
  booktitle={22nd ACM/IEEE Design Automation Conference},
  pages={453--459},
  year={1985},
  organization={IEEE}
}

@article{zhang2000review,
  title={A review of high-level synthesis for dynamically reconfigurable FPGAs},
  author={Zhang, Xuejie and Ng, Kam W},
  journal={Microprocessors and Microsystems},
  volume={24},
  number={4},
  pages={199--211},
  year={2000},
  publisher={Elsevier}
}

@inproceedings{canis_2011_legup,
  title={LegUp: high-level synthesis for FPGA-based processor/accelerator systems},
  author={Canis, Andrew and Choi, Jongsok and Aldham, Mark and Zhang, Victor and Kammoona, Ahmed and Anderson, Jason H and Brown, Stephen and Czajkowski, Tomasz},
  booktitle={Proceedings of the 19th ACM/SIGDA international symposium on Field programmable gate arrays},
  pages={33--36},
  year={2011},
  organization={ACM}
}

@article{vivado,
  title={Xilinx vivado high level synthesis: Case studies},
  author={O'Loughlin, Declan and Coffey, Aedan and Callaly, Frank and Lyons, Darren and Morgan, Fearghal},
  year={2014},
  publisher={IET}
}

@misc{awsf1,
  title={EC2 F1 Instances with FPGAs – Now Generally Available},
  howpublished={\url{aws.amazon.com/blogs/aws/ec2-f1-instances-with-fpgas-now-generally-available/}},
  year={2017},
  month={Apr}
}

@misc{nand_flash,
  title={Advanced NAND Flash Memory Single-Chip Storage Solution},
  author={Intel},
  howpublished={\url{www.altera.com/b/nand-flash-memory-controller.html?_ga=2.108749825.2041564619.1502344247-21903935.1501673108}},
  year={2015},
  month={June}
}


@misc{harp,
  author = {Gupta, Prabhat K.},
  title = {Xeon+FPGA Platform for the Data Center},
  booktitle = {ISCA/CARL 2015},
  year = {2015},
  howpublished = {\url{http://www.ece.cmu.edu/~calcm/carl/lib/exe/fetch.php?media=carl15-gupta.pdf}}
}


@inproceedings{catapult,
 author = {Putnam, Andrew and Caulfield, Adrian M. and Chung, Eric S. and Chiou, Derek and Constantinides, Kypros and Demme, John and Esmaeilzadeh, Hadi and Fowers, Jeremy and Gopal, Gopi Prashanth and Gray, Jan and Haselman, Michael and Hauck, Scott and Heil, Stephen and Hormati, Amir and Kim, Joo-Young and Lanka, Sitaram and Larus, James and Peterson, Eric and Pope, Simon and Smith, Aaron and Thong, Jason and Xiao, Phillip Yi and Burger, Doug},
 title = {A Reconfigurable Fabric for Accelerating Large-scale Datacenter Services},
 booktitle = {Proceeding of the 41st Annual International Symposium on Computer Architecuture},
 series = {ISCA '14},
 year = {2014},
 isbn = {978-1-4799-4394-4},
 location = {Minneapolis, Minnesota, USA},
 pages = {13--24},
 numpages = {12},
 url = {http://dl.acm.org/citation.cfm?id=2665671.2665678},
 acmid = {2665678},
 publisher = {IEEE Press},
 address = {Piscataway, NJ, USA},
}

@inproceedings{baidu,
author = {Ouyang, Jian and Lin, Shiding and Qi, Wei and Wang, Yong and Yu, Bo and Jiang, Song},
title = {SDA: Software-Defined Accelerator for LargeScale DNN Systems},
year = {2014},
series = {Hot Chips 26},
}


@techreport{catapultdnn,
  author = {Ovtcharov, Kalin and Ruwase, Olatunji and Kim, Joo-Young and Fowers, Jeremy and Strauss, Karin and Chung, Eric S.},
  title = {Accelerating Deep Convolutional Neural Networks Using Specialized Hardware},
  institution = {Microsoft Research},
  month = {February},
  year = {2015},
  url = {http://research-srv.microsoft.com/pubs/240715/CNN%20Whitepaper.pdf}
}

@inproceedings{plasticine,
  author    = {Raghu Prabhakar and
               Yaqi Zhang and
               David Koeplinger and
               Matthew Feldman and
               Tian Zhao and
               Stefan Hadjis and
               Ardavan Pedram and
               Christos Kozyrakis and
               Kunle Olukotun},
  title     = {Plasticine: {A} Reconfigurable Architecture For Parallel Paterns},
  booktitle = {Proceedings of the 44th Annual International Symposium on Computer
               Architecture, {ISCA} 2017, Toronto, ON, Canada, June 24-28, 2017},
  pages     = {389--402},
  year      = {2017},
  url       = {http://doi.acm.org/10.1145/3079856.3080256},
  doi       = {10.1145/3079856.3080256},
  timestamp = {Tue, 20 Jun 2017 08:13:34 +0200},
  biburl    = {http://dblp.org/rec/bib/conf/isca/PrabhakarZKFZHP17},
  bibsource = {dblp computer science bibliography, http://dblp.org}
}

@inproceedings{scnn,
  title={SCNN: An Accelerator for Compressed-sparse Convolutional Neural Networks},
  author={Parashar, Angshuman and Rhu, Minsoo and Mukkara, Anurag and Puglielli, Antonio and Venkatesan, Rangharajan and Khailany, Brucek and Emer, Joel and Keckler, Stephen W and Dally, William J},
  booktitle={Proceedings of the 44th Annual International Symposium on Computer Architecture},
  pages={27--40},
  year={2017},
  organization={ACM}
}

@book{genesis2,
  title={Chip multiprocessor generator: automatic generation of custom and heterogeneous compute platforms},
  author={Shacham, Ofer},
  year={2011},
  publisher={Stanford University}
}

@inproceedings{scaledeep,
 author = {Venkataramani, Swagath and Ranjan, Ashish and Banerjee, Subarno and Das, Dipankar and Avancha, Sasikanth and Jagannathan, Ashok and Durg, Ajaya and Nagaraj, Dheemanth and Kaul, Bharat and Dubey, Pradeep and Raghunathan, Anand},
 title = {ScaleDeep: A Scalable Compute Architecture for Learning and Evaluating Deep Networks},
 booktitle = {Proceedings of the 44th Annual International Symposium on Computer Architecture},
 series = {ISCA '17},
 year = {2017},
 isbn = {978-1-4503-4892-8},
 location = {Toronto, ON, Canada},
 pages = {13--26},
 numpages = {14},
 url = {http://doi.acm.org/10.1145/3079856.3080244},
 doi = {10.1145/3079856.3080244},
 acmid = {3080244},
 publisher = {ACM},
 address = {New York, NY, USA},
 keywords = {Deep Neural Networks, Hardware Accelerators, System Architecture},
}


@inproceedings{Josipovic-fpga_2018,
 author = {Josipovi\'{c}, Lana and Ghosal, Radhika and Ienne, Paolo},
 title = {Dynamically Scheduled High-level Synthesis},
 booktitle = {Proceedings of the 2018 ACM/SIGDA International Symposium on Field-Programmable Gate Arrays},
 series = {FPGA '18},
 year = {2018},
 isbn = {978-1-4503-5614-5},
 location = {Monterey, CALIFORNIA, USA},
 pages = {127--136},
 numpages = {10},
 url = {http://doi.acm.org/10.1145/3174243.3174264},
 doi = {10.1145/3174243.3174264},
 acmid = {3174264},
 publisher = {ACM},
 address = {New York, NY, USA},
 keywords = {compiler, dynamically scheduled circuits, high-level synthesis, pipelining},
} 

@inproceedings{choi2013software,
  title={From software threads to parallel hardware in high-level synthesis for FPGAs},
  author={Choi, Jongsok and Brown, Stephen and Anderson, Jason},
  booktitle={2013 International Conference on Field-Programmable Technology (FPT)},
  pages={270--277},
  year={2013},
  organization={IEEE}
}

@article{darkroom,
  title={Darkroom: compiling high-level image processing code into hardware pipelines.},
  author={Hegarty, James and Brunhaver, John and DeVito, Zachary and Ragan-Kelley, Jonathan and Cohen, Noy and Bell, Steven and Vasilyev, Artem and Horowitz, Mark and Hanrahan, Pat},
  journal={ACM Trans. Graph.},
  volume={33},
  number={4},
  pages={144--1},
  year={2014},
  publisher={Citeseer}
}

@article{halide,
  title={Halide: a language and compiler for optimizing parallelism, locality, and recomputation in image processing pipelines},
  author={Ragan-Kelley, Jonathan and Barnes, Connelly and Adams, Andrew and Paris, Sylvain and Durand, Fr{\'e}do and Amarasinghe, Saman},
  journal={Acm Sigplan Notices},
  volume={48},
  number={6},
  pages={519--530},
  year={2013},
  publisher={ACM}
}

@article{nikhil1990executing,
  title={Executing a program on the MIT tagged-token dataflow architecture},
  author={Nikhil, Rishiyur S and others},
  journal={IEEE Transactions on computers},
  volume={39},
  number={3},
  pages={300--318},
  year={1990},
  publisher={IEEE}
}

@article{cong2011high,
  title={High-level synthesis for FPGAs: From prototyping to deployment},
  author={Cong, Jason and Liu, Bin and Neuendorffer, Stephen and Noguera, Juanjo and Vissers, Kees and Zhang, Zhiru},
  journal={IEEE Transactions on Computer-Aided Design of Integrated Circuits and Systems},
  volume={30},
  number={4},
  pages={473--491},
  year={2011},
  publisher={IEEE}
}


